@inproceedings{OriolTassis2010,
  author    = {Manuel Oriol and Sotirios Tassis},
  title     = {Testing .NET Code with YETI},
  booktitle = {ICECCS},
  year      = {2010},
  crossref  = {DBLP:conf/iceccs/2010},
  bibsource = {DBLP, http://dblp.uni-trier.de}
}
@proceedings{DBLP:conf/iceccs/2010,
  title     = {15th IEEE International Conference on Engineering of Complex
               Computer Systems, ICECCS 2010, Oxford, United Kingdom, 22-26 March
               2010},
  booktitle = {ICECCS},
  publisher = {IEEE Computer Society},
  year      = {2010},
  bibsource = {DBLP, http://dblp.uni-trier.de}
}

@manual{mobjectsTR,
author = {P. Eugster and M. Oriol},
title = "{Implementing Multicast Objects with Interaction Types}",
note = {\url{http://www.cs.purdue.edu/homes/peugster/DOP/MObjects.pdf}},
year = 2008
}
@ARTICLE{stark, 
author={Starkloff, E.}, 
journal={Aerospace and Electronic Systems Magazine, IEEE}, title={Designing a parallel, distributed test system}, 
year={2001}, 
month={jun}, 
volume={16}, 
number={6}, 
pages={3 -6}, 
keywords={Internet;automated tests;connectivity;multiple parallel tasks;parallel architectures;parallel distributed test;reliability;Internet;automatic test equipment;parallel architectures;}, 
doi={10.1109/62.931129}, 
ISSN={0885-8985},}

@inproceedings{Duarte1,
 author = {Duarte, Alexandre and Cirne, Walfredo and Brasileiro, Francisco and Machado, Patricia},
 title = {GridUnit: software testing on the grid},
 booktitle = {ICSE '06: Proceedings of the 28th international conference on Software engineering},
 year = {2006},
 isbn = {1-59593-375-1},
 pages = {779--782},
 location = {Shanghai, China},
 doi = {http://doi.acm.org/10.1145/1134285.1134410},
 publisher = {ACM},
 address = {New York, NY, USA},
 }

@inproceedings{Duarte2,
 author = {Duarte, Alexandre and Wagner, Gustavo and Brasileiro, Francisco and Cirne, Walfredo},
 title = {Multi-environment software testing on the grid},
 booktitle = {PADTAD '06: Proceedings of the 2006 workshop on Parallel and distributed systems: testing and debugging},
 year = {2006},
 isbn = {1-59593-414-6},
 pages = {61--68},
 location = {Portland, Maine, USA},
 doi = {http://doi.acm.org/10.1145/1147403.1147415},
 publisher = {ACM},
 address = {New York, NY, USA},
 }

@INPROCEEDINGS{Duarte3,
    author = {Re NÃ³brega Duarte and Walfredo Cirne and Francisco Brasileiro and Patricia Duarte and De Lima Machado},
    title = {Using the Computational Grid to Speed up Software Testing},
    booktitle = {Proceedings of 19th Brazilian Symposium on Software Engineering},
    year = {2005}
}

@INPROCEEDINGS{Kap,
    author = {Gregory M. Kapfhammer},
    title = {Automatically and Transparently Distributing the Execution of Regression Test Suites},
    booktitle = {In Proceedings of the 18th International Conference on Testing Computer Software},
    year = {2000}
}

@article{lasto,
 author = {Lastovetsky, Alexey},
 title = {Parallel testing of distributed software},
 journal = {Inf. Softw. Technol.},
 volume = {47},
 number = {10},
 year = {2005},
 issn = {0950-5849},
 pages = {657--662},
 doi = {http://dx.doi.org/10.1016/j.infsof.2004.11.006},
 publisher = {Butterworth-Heinemann},
 address = {Newton, MA, USA},
 }

@ARTICLE{stark, 
author={Starkloff, E.}, 
journal={Aerospace and Electronic Systems Magazine, IEEE}, title={Designing a parallel, distributed test system}, 
year={2001}, 
month={jun}, 
volume={16}, 
number={6}, 
pages={3 -6}, 
keywords={Internet;automated tests;connectivity;multiple parallel tasks;parallel architectures;parallel distributed test;reliability;Internet;automatic test equipment;parallel architectures;}, 
doi={10.1109/62.931129}, 
ISSN={0885-8985},}

@INPROCEEDINGS{yao, 
author={ Yaohang Li and Tao Dong and Xinyu Zhang and Yong-duan Song and Xiaohong Yuan}, 
journal={Granular Computing, 2006 IEEE International Conference on}, title={Large-scale software unit testing on the grid}, 
year={2006}, 
month={may}, 
volume={}, 
number={}, 
pages={ 596 - 599}, 
keywords={}, 
doi={}, 
ISSN={ },}

